@inproceedings{DBLP:conf/ismir/PaduaCRS18,
  author    = {Renan de Padua and
               Veronica Oliveira de Carvalho and
               Solange O. Rezende and
               Diego Furtado Silva},
  title     = {Exploring Musical Relations Using Association Rule Networks},
  booktitle = {Proceedings of the 19th International Society for Music Information
               Retrieval Conference, {ISMIR} 2018, Paris, France, September 23-27,
               2018},
  pages     = {400--406},
  year      = {2018},
  crossref  = {DBLP:conf/ismir/2018},
  url       = {http://ismir2018.ircam.fr/doc/pdfs/268\_Paper.pdf},
  timestamp = {Tue, 20 Nov 2018 15:33:12 +0100},
  biburl    = {https://dblp.org/rec/bib/conf/ismir/PaduaCRS18},
  bibsource = {dblp computer science bibliography, https://dblp.org}
}

@inproceedings{DBLP:conf/bracis/PaduaCCR18,
	author    = {Renan de Padua and
	Dario Brito Calcada and
	Veronica Oliveira de Carvalho and
	Solange Oliveira Rezende},
	title     = {Exploring the Data Using Extended Association Rule Network},
	booktitle = {7th Brazilian Conference on Intelligent Systems, {BRACIS} 2018, S{\~{a}}o
	Paulo, Brazil, October 22-25, 2018},
	pages     = {330--335},
	year      = {2018},
	crossref  = {DBLP:conf/bracis/2018},
	url       = {https://doi.org/10.1109/BRACIS.2018.00064},
	doi       = {10.1109/BRACIS.2018.00064},
	timestamp = {Tue, 05 Feb 2019 12:34:16 +0100},
	biburl    = {https://dblp.org/rec/bib/conf/bracis/PaduaCCR18},
	bibsource = {dblp computer science bibliography, https://dblp.org}
}